@article{miller1963settings,
  title={Settings for fixed-cycle traffic signals},
  author={Miller, Alan J},
  journal={Journal of the Operational Research Society},
  volume={14},
  number={4},
  pages={373--386},
  year={1963},
  publisher={Taylor \& Francis}
}

@incollection{cools2013self,
  title={Self-organizing traffic lights: A realistic simulation},
  author={Cools, Seung-Bae and Gershenson, Carlos and Dâ€™Hooghe, Bart},
  booktitle={Advances in applied self-organizing systems},
  pages={45--55},
  year={2013},
  publisher={Springer}
}

@article{mnih2015human,
  title={Human-level control through deep reinforcement learning},
  author={Mnih, Volodymyr and Kavukcuoglu, Koray and Silver, David and Rusu, Andrei A and Veness, Joel and Bellemare, Marc G and Graves, Alex and Riedmiller, Martin and Fidjeland, Andreas K and Ostrovski, Georg and others},
  journal={nature},
  volume={518},
  number={7540},
  pages={529--533},
  year={2015},
  publisher={Nature Publishing Group}
}

@inproceedings{wei2018intellilight,
  title={Intellilight: A reinforcement learning approach for intelligent traffic light control},
  author={Wei, Hua and Zheng, Guanjie and Yao, Huaxiu and Li, Zhenhui},
  booktitle={Proceedings of the 24th ACM SIGKDD International Conference on Knowledge Discovery \& Data Mining},
  pages={2496--2505},
  year={2018}
}

@inproceedings{steingrover2005reinforcement,
  title={Reinforcement Learning of Traffic Light Controllers Adapting to Traffic Congestion.},
  author={Steingrover, Merlijn and Schouten, Roelant and Peelen, Stefan and Nijhuis, Emil and Bakker, Bram and others},
  booktitle={BNAIC},
  pages={216--223},
  year={2005}
}

@inproceedings{kuyer2008multiagent,
  title={Multiagent reinforcement learning for urban traffic control using coordination graphs},
  author={Kuyer, Lior and Whiteson, Shimon and Bakker, Bram and Vlassis, Nikos},
  booktitle={Joint European Conference on Machine Learning and Knowledge Discovery in Databases},
  pages={656--671},
  year={2008},
  organization={Springer}
}

@article{van2016coordinated,
  title={Coordinated deep reinforcement learners for traffic light control},
  author={Van der Pol, Elise and Oliehoek, Frans A},
  journal={Proceedings of Learning, Inference and Control of Multi-Agent Systems (at NIPS 2016)},
  year={2016}
}

@article{brys2014distributed,
  title={Distributed learning and multi-objectivity in traffic light control},
  author={Brys, Tim and Pham, Tong T and Taylor, Matthew E},
  journal={Connection Science},
  volume={26},
  number={1},
  pages={65--83},
  year={2014},
  publisher={Taylor \& Francis}
}

@inproceedings{pham2013learning,
  title={Learning coordinated traffic light control},
  author={Pham, Tong Thanh and Brys, Tim and Taylor, Matthew E and Brys, Tim and Drugan, Madalina M and Bosman, PA and Cock, Martine-De and Lazar, Cosmin and Demarchi, L and Steenhoff, David and others},
  booktitle={Proceedings of the Adaptive and Learning Agents workshop (at AAMAS-13)},
  volume={10},
  pages={1196--1201},
  year={2013},
  organization={IEEE}
}

@inproceedings{gori2005new,
  title={A new model for learning in graph domains},
  author={Gori, Marco and Monfardini, Gabriele and Scarselli, Franco},
  booktitle={Proceedings. 2005 IEEE International Joint Conference on Neural Networks, 2005.},
  volume={2},
  pages={729--734},
  year={2005},
  organization={IEEE}
}

@article{zheng2019diagnosing,
  title={Diagnosing reinforcement learning for traffic signal control},
  author={Zheng, Guanjie and Zang, Xinshi and Xu, Nan and Wei, Hua and Yu, Zhengyao and Gayah, Vikash and Xu, Kai and Li, Zhenhui},
  journal={arXiv preprint arXiv:1905.04716},
  year={2019}
}

@article{scarselli2008graph,
  title={The graph neural network model},
  author={Scarselli, Franco and Gori, Marco and Tsoi, Ah Chung and Hagenbuchner, Markus and Monfardini, Gabriele},
  journal={IEEE transactions on neural networks},
  volume={20},
  number={1},
  pages={61--80},
  year={2008},
  publisher={IEEE}
}